@MastersThesis{Fabry13,
	AUTHOR = "Fábry, Tomá¹",
  TITLE = {{Comenia fonty pro \gls{tex}}},
	YEAR = "2013",
	TYPE = "Diplomová práce",
	SCHOOL = "Masarykova univerzita, Fakulta informatiky",
	SUPERVISOR = "Petr Sojka",
  URL = "http://is.muni.cz/th/325338/fi_m/",
  NOTE = "[Online; Accessed: \mbox{12th November 2014}]"
}

@misc{Filipcik09,
	AUTHOR = "Filipèík, Stanislav",
	TITLE = {{\gls{latex} Thesis Style}},
	YEAR = "2009",
	TYPE = "Bakaláøská práce",
	SCHOOL = "Masarykova univerzita, Fakulta informatiky",
	SUPERVISOR = "David Anto¹",
  URL = "http://is.muni.cz/th/173173/fi_b/",
  NOTE = "[Online; Accessed: \mbox{12th November 2014}]"
}

@misc{Kominka08,
  AUTHOR = "Kominka, Matú¹",
  TITLE = {{Logotyp \gls{fi} v Type1 a OpenType}},
  YEAR = "2008",
  TYPE = "Bakaláøská práce",
  SCHOOL = "Masarykova univerzita, Fakulta informatiky",
  SUPERVISOR = "Petr Sojka",
  URL = "http://is.muni.cz/th/139729/fi_b/",
  note = "[Online; Accessed: \mbox{24th December 2014}]"
}

@MastersThesis{Baluch09,
	AUTHOR = "Baluch, Marek",
	TITLE = {{Modernizace projektu xslt2}},
	YEAR = "2009",
	TYPE = "Diplomová práce",
	SCHOOL = "Masarykova univerzita, Fakulta informatiky",
	SUPERVISOR = "Jan Pavloviè",
  URL = "http://is.muni.cz/th/73067/fi_m/",
  NOTE = "[Online; Accessed: \mbox{12th November 2014}]"
}

@BOOK{KnuthDigTypo,
	author = "Donald Ervin Knuth",
	title = {{Digital typography}},
	publisher = "Stanford : Center for the Study of Language and Information",
	year = "c1999",
	note = "685\,s.",
	isbn = "1575860104"
}

@ARTICLE{Kumar07,
  author = "Vishal Kumar",
  title = {{Using \gls{latex} for writing a thesis}},
  year = 2007,
  month = 12,
  volume = 4,
  journal = "The Prat\gls{tex} Journal",
  url = "https://tug.org/pracjourn/2007-4/kumar/",
  note = "[Online; Accessed: \mbox{23rd December 2014}]"
}

@MANUAL{ctustyle,
  author = "Petr Ol¹ák",
  title = {{CTUstyle~-- návod k pou¾ití: ©ablona v plain \gls{tex}u pro sazbu studentských závìreèných prací na ÈVUT}},
  month = 1,
  year = 2013,
  url = "http://petr.olsak.net/ctustyle.html",
  note = "[Online; Accessed: \mbox{23rd December 2014}]"
}

@MANUAL{custyle,
  author = "Petr Ol¹ák",
  title = {{CUstyle~-- návod k pou¾ití: ©ablona pro sazbu studentských závìreèných prací na Karlovì univerzitì}},
  month = 1,
  year = 2013,
  url = "http://petr.olsak.net/custyle.html",
  note = "[Online; Accessed: \mbox{24th December 2014}]"
}

@misc{csplain,
  author = "Petr Ol¹ák",
  title = {{\gls{csplain}: èe¹tina a sloven¹tina v plain \gls{tex}u}},
  month = 11,
  year = 2012,
  url = "https://math.feld.cvut.cz/olsak/csplain.html",
  note = "[Online; Accessed: \mbox{23rd December 2014}]"
}

@misc{opmac,
  author = "Petr Ol¹ák",
  title = {{OPmac: roz¹iøující makra plain \gls{tex}u}},
  year = {2013, 2014},
  url = "https://math.feld.cvut.cz/olsak/opmac.html",
  note = "[Online; Accessed: \mbox{23rd December 2014}]"
}

@misc{ctan,
  title = {{The Comprehensive \gls{tex} Archive Network (\gls{ctan})}},
  url = "http://www.ctan.org/",
  note = "[Online; Accessed: \mbox{23rd December 2014}]"
}

@misc{muvis,
  title = {{\gls{mu} visual style}},
  url = "http://www.muni.cz/general/mu_presentation/logos_info?lang=en",
  note = "[Online; Accessed: \mbox{24th December 2014}]"
}

@misc{filogo,
  title = {{Logo Fakulty informatiky \gls{mu}}},
  author = "Petr Sojka",
  url = "http://www.fi.muni.cz/~sojka/fi-logo",
  note = "[Online; Accessed: \mbox{24th December 2014}; Last Modified: \mbox{7th September 2014}]"
}

@manual{komaskript,
  title = {{The Guide: KOMA-Script}},
  author = "Markus Kohm, Jens-Uwe-Morawski",
  url = "http://tug.ctan.org/macros/latex/contrib/koma-script/doc/scrguien.pdf",
  year = 2014,
  month = 10,
  note = "[Online; Accessed: \mbox{28th December 2014}]"
}

@misc{custyleCode,
  author = "Petr Ol¹ák",
  title = {{The source code of the CUStyle \gls{tex} macro package}},
  url = {petr.olsak.net/ftp/olsak/ctustyle/custyle.zip},
  note = "Archived under the filename \texttt{custyle/custyle.tex} [Online; Accessed: \mbox{28th December 2014}; Last Modified: \mbox{12th October 2014}]"
}

@misc{ctustyleCode,
  author = "Petr Ol¹ák",
  title = {{The source code of the CTUStyle \gls{tex} macro package}},
  url = {http://petr.olsak.net/ftp/olsak/ctustyle/ctustyle.zip},
  note = "Archived under the filename \texttt{ctustyle/ctustyle.tex} [Online; Accessed: \mbox{28th December 2014}; Last Modified: \mbox{12th October 2014}]"
}

@misc{fithesis2Code,
  author = "Daniel Marek, Jan Pavloviè, Petr Sojka",
  title = {{The source code of the fithesis2 \gls{docclass}}},
  url = {https://github.com/liskin/fithesis.git},
  howpublished = {{GIT}},
  note = "Saved under the filename \texttt{fithesis.dtx} [Online; Accessed: \mbox{28th December 2014}; Last Modified: \mbox{14th May 2012}]"
}

@manual{bpdpfi,
  title = {{Bakaláøské a diplomové práce na \gls{fi}}},
  note = "[Online; Accessed: \mbox{24th December 2014}; Last Modified: \mbox{24th April 2014}]",
  url = "http://www.fi.muni.cz/docs/BP_DP_na_FI.pdf"
}

@misc{cslatexvsbabel,
  title = {{Babel vs. \CSLaTeX}},
  author = {{Michal Houda}},
  url = "http://home.ef.jcu.cz/~houda/miktex/install/babel-cslatex.html",
  note = "[Online; Accessed: \mbox{29th December 2014}; Last Modified: \mbox{10th December 2012}]",
}

@article{latexlayout,
  title = {{Page layout in \gls{latex}}},
  author = {{Kent McPherson}},
  journal = {{TUGboat}},
  volume = 9,
  year = 1988,
  url = "https://www.tug.org/TUGboat/tb09-1/tb20mcpherson.pdf",
  note = "[Online; Accessed: \mbox{1st January 2015}]"
}

@article{latexpackages,
  title = {{Good things come in little packages: An introduction to writing \texttt{.ins} and \texttt{.dtx} files}},
  author = {{Scott Pakin}},
  journal = {{TUGboat}},
  volume = 29,
  year = 2008,
  url = "http://www.tug.org/TUGboat/tb29-2/tb92pakin.pdf",
  note = "[Online; Accessed: \mbox{1st January 2015}]"
}

@misc{cunisablona,
  title = {{©ablona pro sazbu disertaèní práce v \gls{latex}u}},
  author = {{Martin Mareè}},
  url = "http://www.mff.cuni.cz/studium/phd/phd_sablona.htm",
  note = "[Online; Accessed: \mbox{1st January 2015}, Last Modified: \mbox{5th December 2011}]"
}
